%% This BibTeX bibliography file was created using BibDesk.
%% http://bibdesk.sourceforge.net/

%% Created for Santander-Vela, Juande at 2017-10-20 09:33:43 +0100 


%% Saved with string encoding Unicode (UTF-8) 



@book{INCOSE-TP-2003-002-04,
	Author = {international Council on Systems Engineering (INCOSE)},
	Date-Added = {2017-10-20 08:28:44 +0000},
	Date-Modified = {2017-10-20 08:33:34 +0000},
	Editor = {David D. Walden (ESEP) and Garry J. Roedler (ESEP) and Kevin J. Forsberg (ESEP) and R. Douglas Hamelin and Thomas M. Shortell (CSEP)},
	Publisher = {Wiley},
	Title = {Systems Engineering Handbook},
	Year = {2015}}
